@inproceedings{hasib2023bengali,
  author = {K. M. Hasib and M. A. Rahman and M. I. Masum and F. D. Boer and S. Azam and A. Karim},
  title = {Bengali News Abstractive Summarization: T5 Transformer and Hybrid Approach},
  booktitle = {Proc. 2023 Int. Conf. Digital Image Computing: Techniques and Applications (DICTA)},
  year = {2023},
  pages = {539-545},
  address = {Port Macquarie, Australia},
  doi = {10.1109/DICTA60407.2023.00080}
}

@inproceedings{rahman2019bengali,
  author = {A. Rahman and F. M. Rafiq and R. Saha and R. Rafian and H. Arif},
  title = {Bengali Text Summarization using TextRank, Fuzzy C-Means, and Aggregate Scoring methods},
  booktitle = {Proc. 2019 IEEE Region 10 Symposium (TENSYMP)},
  year = {2019},
  pages = {331-336},
  address = {Kolkata, India},
  doi = {10.1109/TENSYMP46218.2019.8971039}
}

@inproceedings{dhar2021pointer,
  author = {N. Dhar and G. Saha and P. Bhattacharjee and A. Mallick and M. S. Islam},
  title = {Pointer over Attention: An Improved Bangla Text Summarization Approach Using Hybrid Pointer Generator Network},
  booktitle = {Proc. 2021 24th Int. Conf. on Computer and Information Technology (ICCIT)},
  year = {2021},
  pages = {1-5},
  address = {Dhaka, Bangladesh},
  doi = {10.1109/ICCIT54785.2021.9689852}
}

@incollection{bhattacharjee2021bengali,
  author = {P. Bhattacharjee and A. Mallick and M. S. Islam and Marium-E-Jannat},
  title = {Bengali Abstractive News Summarization (BANS): A Neural Attention Approach},
  booktitle = {Proceedings of International Conference on Trends in Computational and Cognitive Engineering},
  year = {2021},
  editor = {M. S. Kaiser and A. Bandyopadhyay and M. Mahmud and K. Ray},
  series = {Advances in Intelligent Systems and Computing},
  volume = {1309},
  pages = {39-46},
  publisher = {Springer, Singapore},
  doi = {10.1007/978-981-33-4673-4_4}
}

@misc{chowdhury2021unsupervised,
  title = {Unsupervised Abstractive Summarization of Bengali Text Documents},
  author = {Radia Rayan Chowdhury and Mir Tafseer Nayeem and Tahsin Tasnim Mim and Md. Saifur Rahman Chowdhury and Taufiqul Jannat},
  year = {2021},
  eprint = {2102.04490},
  archivePrefix = {arXiv},
  primaryClass = {cs.CL}
}

@inproceedings{andhale2016overview,
  author = {N. Andhale and L. A. Bewoor},
  title = {An overview of Text Summarization techniques},
  booktitle = {2016 International Conference on Computing Communication Control and automation (ICCUBEA)},
  year = {2016},
  pages = {1-7},
  address = {Pune, India},
  doi = {10.1109/ICCUBEA.2016.7860024},
  keywords = {Feature extraction;Neural networks;Semantics;Hidden Markov models;Fuzzy logic;Computational modeling;Training;Text summarization;extractive;abstractive}
}

@article{ghosh2018rule,
  author = {Partha Ghosh and Rezvi Shahariar and Muhammad Khan},
  title = {A Rule Based Extractive Text Summarization Technique for Bangla News Documents},
  journal = {International Journal of Modern Education and Computer Science},
  year = {2018},
  volume = {10},
  pages = {44-53},
  doi = {10.5815/ijmecs.2018.12.06}
}

@inproceedings{tumpa2018improved,
  author = {P. B. Tumpa and S. Yeasmin and A. M. Nitu and M. P. Uddin and M. I. Afjal and M. A. A. Mamun},
  title = {An Improved Extractive Summarization Technique for Bengali Text(s)},
  booktitle = {2018 International Conference on Computer, Communication, Chemical, Material and Electronic Engineering (IC4ME2)},
  year = {2018},
  pages = {1-4},
  address = {Rajshahi, Bangladesh},
  doi = {10.1109/IC4ME2.2018.8465609},
  keywords = {Synchronization;Feature extraction;Clustering algorithms;Data mining;Big Data;Search engines;Computer science;text summarization;extractive summarization;bengali text summarization;heuristic technique;synchronization}
}
